{\rtf1\ansi\ansicpg932\cocoartf2511
\cocoatextscaling0\cocoaplatform0{\fonttbl\f0\fnil\fcharset0 Menlo-Regular;\f1\fnil\fcharset128 HiraginoSans-W3;}
{\colortbl;\red255\green255\blue255;\red0\green0\blue0;}
{\*\expandedcolortbl;;\cssrgb\c0\c0\c0;}
\paperw11900\paperh16840\margl1440\margr1440\vieww10800\viewh8400\viewkind0
\deftab720
\pard\pardeftab720\partightenfactor0

\f0\fs26 \cf0 \expnd0\expndtw0\kerning0
@booklet\{TAKAGI,\
title = "
\f1 \'93\'64\'8e\'71\'81\'45\'83\'43\'83\'49\'83\'93\'83\'72\'81\'5b\'83\'80\'8d\'48\'8a\'77
\f0 ",\
author = "
\f1 \'8d\'82\'96\'d8\'81\'40\'8f\'72\'90\'e9
\f0 ",\
address = "
\f1 \'93\'64\'8b\'43\'8a\'77\'89\'ef
\f0 ",\
year = "1995",\
month = "3",\
\}\
\
@article\{KANEMARU,\
author = "
\f1 \'83\'56\'83\'8a\'83\'52\'83\'93\'93\'64\'8a\'45\'95\'fa\'8e\'cb\'97\'f1\'82\'cc\'95\'fa\'8e\'cb\'93\'c1\'90\'ab
\f0 ",\
title = "
\f1 \'8b\'e0\'8a\'db
\f0  
\f1 \'90\'b3\'8d\'84
\f0  and 
\f1 \'88\'c9\'93\'a1
\f0  
\f1 \'8f\'87\'8e\'69
\f0 ",\
journal = "
\f1 \'95\'5c\'96\'ca\'89\'c8\'8a\'77
\f0 ",\
year = "1996",\
volume = "17",\
number = "12",\
pages = "718-723",\
\}\
\
@booklet\{YAMANASHI,\
title = "
\f1 \'90\'5e\'8b\'f3\'8d\'48\'8a\'77
\f0 ",\
author = "
\f1 \'8e\'52\'97\'9c
\f0  
\f1 \'8f\'72\'98\'59
\f0  and 
\f1 \'8d\'4c\'94\'a8
\f0  
\f1 \'97\'44\'8e\'71
\f0 ",\
address = "
\f1 \'8b\'a4\'97\'a7\'8f\'6f\'94\'c5\'8a\'94\'8e\'ae\'89\'ef\'8e\'d0
\f0 ",\
year = "5",\
month = "1991",\
\}}